@article{Ravinder2014,
author = {Ravinder, Rena and Malindi, Msoni},
title = {{Global Financial Crises and its Impact on the South African Economy: A Further Update}},
journal = {Journal of Economics},
volume = {5:1},
pages = {17-25},
year = {2014}
}

@article{Nyanjowa2008,
author = {Nyanjowa, W},
title = {{The Impact of Global Financial Crisis on South Africa's Mining Industry.}},
url = {http://www.frost.com/sublib/dis- play-market-insight-top.do?id=149029949},
year = {2008},
note = "[Online; accessed 23-December-2018]"
}

@article{ILO2010,
author = {ILO},
title = {{South Africa's Response to the Crisis.}},
journal = {G 20 Briefs},
year = {2010}
}

@article{Gordhan2010,
author = {Gordhan, Pravin},
title = {{ Budget Speech by the Minister of Finance himself to the National Parliament}},
year = {2010},
note = "Cape Town: South Africa"
}

@article{HDI2019,
author = {UNDP},
title = {{ Human Development Index (HDI)}},
url = {http://hdr.undp.org/en/content/human-development-index-hdi},
year = {2019},
note = "[Online; accessed 04-January-2019]"
}

@article{GDP2019,
author = {WorldBank},
title = {{ GDP per capita (constant 2010 US\$)}},
url = {https://data.worldbank.org/indicator/NY.GDP.PCAP.KD},
year = {2019},
note = "[Online; accessed 04-January-2019]"
}

@article{stockstraded,
author = {WorldBank},
title = {{ Stocks Traded as a Total Value Percentage of GDP}},
url = {https://data.worldbank.org/indicator/CM.MKT.TRAD.GD.ZS?end=2017&start=1975 },
year = {2019},
note = "[Online; accessed 05-January-2019]"
}

@article{Hassan2013,
author = {Hassan, Shakill},
title = {{South African Capital Markets: An Overview}},
url = {https://econrsa.org/system/files/publications/working_papers/working_paper_391.pdf},
year = {2013},
note = "[Online; accessed 04-January-2019]"
}

@article{Hefti2013,
author = {Hefti, E and Staehelin-Witt, E},
title = {{Research summary PNR42+ Economic Sanctions against South Africa and the Importance of Switzerland Ch}},
year = {2013},
}

@article{Kaempfer2007,
author = {Kaempfer, William and Anton, D},
title = {{The Political Economy of Economic Sanctions. Lowenberg}},
journal = {Handbook of Defense Economics},
volume = {2},
pages = {867-911},
year = {2007}
}

@article{Besada2007,
author = {Besada, H},
title = {{Fragile Stability: Post-Apartheid South Africa}},
url = {https://www.files.ethz.ch/isn/39546/WP_27.pdf},
page = {3-7},
year = {2007},
note = "[Online; accessed 04-January-2019]"
}

@article{OMalley1998,
author = {O'Malley, P},
title = {{Reconstruction and Development Programme (RDP)}},
url = {https://omalley.nelsonmandela.org/omalley/index.php/site/q/03lv03445/04lv03446/05lv03493.htm},
year = {1998},
note = "[Online; accessed 04-January-2019]"
}

@article{Hentz2000,
author = {Hentz, J.J},
title = {{The Two Faces of Privatisation: Political and Economic Logics in Transitional South Africa}},
url = {https://www.jstor.org/stable/161649?read-now=1&seq=8#page_scan_tab_contents},
year = {2000},
volume = {38, 2},
page = {203-223},
note = "[Online; accessed 04-January-2019]"
}

@article{Jerome2004,
author = {Jerome, A},
title = {{Privatisation and Regulation in South Africa: An Evaluation}},
url = {http://citeseerx.ist.psu.edu/viewdoc/download?doi=10.1.1.198.189&rep=rep1&type=pdf},
year = {2004},
page = {4-12},
note = "[Online; accessed 04-January-2019]"
}

@article{Economist1999,
author = {Economist},
title = {{The painful privatisation of South Africa}},
url = {https://www.economist.com/international/1999/09/09/the-painful-privatisation-of-south-africa},
year = {1999},
note = "[Online; accessed 04-January-2019]"
}

@article{SAHO2014,
author = {SAHO},
title = {{South Africa’s Key economic policies changes (1994 - 2013)}},
url = {https://www.sahistory.org.za/article/south-africa\%E2\%80\%99s-key-economic-policies-changes-1994-2013},
year = {2014},
note = "[Online; accessed 04-January-2019]"
}

@article{GEAR1996,
author = {Manual, Trevor and Marcus, Gill and Ramos, Maria},
title = {{Growth, Employment and redistribution A Macroeconomic Strategy}},
url = {http://www.treasury.gov.za/publications/other/gear/chapters.pdf},
year = {1996},
note = "[Online; accessed 04-January-2019]"
}

@article{WorldBank2014,
author = {WorldBank},
title = {{The World Bank In South Africa}},
url = {https://www.worldbank.org/en/country/southafrica/overview},
year = {2014},
note = "[Online; accessed 04-January-2019]"
}

@article{Mbeki2016a,
author = {Mbeki, Thabo},
title = {{GEAR and Neo-Liberalism (Part 1)}},
url = {https://www.sahistory.org.za/archive/gear-and-neo-liberalism-part-1-thabo-mbeki-21-march-2016},
year = {2016},
note = "[Online; accessed 04-January-2019]"
}

@article{Mbeki2016b,
author = {Mbeki, Thabo},
title = {{GEAR and Neo-Liberalism (Part 2)}},
url = {https://www.sahistory.org.za/archive/gear-and-neo-liberalism-part-2-thabo-mbeki-28-march-2016},
year = {2016},
note = "[Online; accessed 04-January-2019]"
}

@article{SAHO2017,
author = {SAHO},
title = {{Thabo Mvuyelwa Mbeki}},
url = {https://www.sahistory.org.za/people/thabo-mvuyelwa-mbeki},
year = {2017},
note = "[Online; accessed 04-January-2019]"
}

@article{Economist2006,
author = {The\_Economist},
title = {{Africa's hegemon}},
url = {https://www.economist.com/special-report/2006/04/06/africas-hegemon},
year = {2006},
note = "[Online; accessed 04-January-2019]"
}

@article{Coleman2013,
author = {Coleman, Colin},
title = {{Two Decades of Freedom - A 20 Year Review of South Africa}},
url = {https://www.goldmansachs.com/insights/archive/colin-coleman-south-africa/20-yrs-of-freedom.pdf},
year = {2013},
note = "[Online; accessed 04-January-2019]"
}

@article{Liaw2002,
author = {Liaw, A and Wienerd, M},
title = {{Classification and Regression by randomForest}},
year = {2002},
url = {https://www.r-project.org/doc/Rnews/Rnews_2002-3.pdf},
note = "[Online; accessed 19-January-2019]"
}

@article{Bylander2002,
author = {Bylander, T},
title = {{Estimating generalization error on twoclass datasets using out-of-bag estimates.}},
journal = {Machine Learning},
year = {2002},
volume = {48},
pages = {287–297},
url = {https://www.r-project.org/doc/Rnews/Rnews_2002-3.pdf},
note = "[Online; accessed 19-January-2019]"
}

@article{Shapire1998,
author = {Shapire, R and Freund, Y and Bartlett, P, and Lee, W},
title = {{Boosting the margin: A new explanation for the effectiveness of voting methods.}},
journal = {Annals of Statistics},
year = {1998},
volume = {26},
pages = {1651–1686},
url = {https://projecteuclid.org/download/pdf_1/euclid.aos/1024691352},
note = "[Online; accessed 19-January-2019]"
}

@article{Breiman1996,
author = {Breiman, L},
title = {{Bagging predictors}},
journal = {Machine Learning},
year = {1996},
volume = {18},
pages = {123–140},
url = {https://link.springer.com/content/pdf/10.1007/BF00058655.pdf},
note = "[Online; accessed 19-January-2019]"
}

@article{Strobl2007,
author = {Strobl, C and Boulesteix, A and Zeileis, A and Hothorn, T},
title = {{Bias in random forest variable importance measures: Illustrations, sources and a solution.}},
journal = {BMC Bioinformatics},
year = {2007},
pages = {8-25},
url = {https://bmcbioinformatics.biomedcentral.com/articles/10.1186/1471-2105-8-25},
note = "[Online; accessed 19-January-2019]"
}

@article{DeFusco2007,
author = {DeFusco, R. and McLeavey, D and Pinto, J and Runkle, D},
title = {{Quantitative investment analysis workbook. 2nd ed.}},
year = {2007},
pages = {65},
note = "[Online; accessed 19-January-2019]"
}

@article{Geron2017,
author = {Geron, A},
title = {{Hands-On Machine Learning with Scikit-Learn and TensorFlow.}},
year = {2017},
pages = {152-156},
note = "[Online; accessed 19-January-2019]"
}

@article{Raschka2017,
author = {Raschka, S. and Mirjalili, V},
title = {{Python Machine Learning. 2nd ed}},
year = {2017},
pages = {311-322},
note = "[Online; accessed 19-January-2019]"
}
